<record xmlns='http://www.loc.gov/MARC21/slim'><leader>01968ccm a2200409 a 4500</leader><controlfield tag='001'>3356244</controlfield><controlfield tag='005'>20200514105533.0</controlfield><controlfield tag='008'>050301s1919    xx op|         nn   eng  </controlfield><datafield ind1='2' ind2='1' tag='028'><subfield code='a'>A.C. 1483</subfield><subfield code='b'>Choudens</subfield></datafield><datafield ind1='2' ind2='1' tag='028'><subfield code='a'>A.C. 8097</subfield><subfield code='b'>Choudens</subfield></datafield><datafield ind1='2' ind2='1' tag='028'><subfield code='a'>22805</subfield><subfield code='b'>Chappell</subfield></datafield><datafield ind1=' ' ind2=' ' tag='035'><subfield code='a'>3356244</subfield></datafield><datafield ind1=' ' ind2=' ' tag='040'><subfield code='a'>ANL</subfield><subfield code='b'>eng</subfield></datafield><datafield ind1=' ' ind2=' ' tag='042'><subfield code='a'>anuc</subfield></datafield><datafield ind1='1' ind2=' ' tag='100'><subfield code='a'>Gounod, Charles,</subfield><subfield code='d'>1818-1893.</subfield></datafield><datafield ind1='1' ind2='0' tag='240'><subfield code='a'>Roméo et Juliette.</subfield></datafield><datafield ind1='1' ind2='0' tag='245'><subfield code='a'>Romeo and Juliet</subfield><subfield code='h'>[music] :</subfield><subfield code='b'>grand opera /</subfield><subfield code='c'>composed by Ch. Gounod ; written by Jules Barbier and Michel Carré.</subfield></datafield><datafield ind1='1' ind2='3' tag='246'><subfield code='a'>Romʹeo et Juliette</subfield></datafield><datafield ind1=' ' ind2=' ' tag='260'><subfield code='c'>[1919?]</subfield></datafield><datafield ind1=' ' ind2=' ' tag='300'><subfield code='a'>3 boxes (24 items)</subfield></datafield><datafield ind1='1' ind2=' ' tag='490'><subfield code='a'>J.C. Williamson collection of performance materials</subfield></datafield><datafield ind1=' ' ind2=' ' tag='500'><subfield code='a'>Title from published vocal score: London : Chappell, [1919?]</subfield></datafield><datafield ind1=' ' ind2=' ' tag='500'><subfield code='a'>Based on the play by William Shakespeare.</subfield></datafield><datafield ind1=' ' ind2=' ' tag='500'><subfield code='a'>English version by H.B. Farnie.</subfield></datafield><datafield ind1=' ' ind2=' ' tag='500'><subfield code='a'>Includes published and manuscript items.</subfield></datafield><datafield ind1=' ' ind2=' ' tag='500'><subfield code='a'>Box 1; published vocal score (5 copies) ; piano transcription of the Ballet by H. Salomon: Paris : Choudens, [19--?] (Pl. no.: A.C. 8097) ; mss. parts for leader, 1st violin, 2nd violin, viola, basses, flute, clarinet, bassoon, cornet, horns.</subfield></datafield><datafield ind1=' ' ind2=' ' tag='500'><subfield code='a'>Box 2: published vocal score (7 copies): London : Chappell, [1919?] (Pl. no.: 22805)</subfield></datafield><datafield ind1=' ' ind2=' ' tag='500'><subfield code='a'>Box 3: published full score (2 vols.): Paris : Choudens, [ca. 1870] (Pl. no.: A.C. 1483)</subfield></datafield><datafield ind1=' ' ind2=' ' tag='544'><subfield code='a'>Other materials associated with the J.C. Williamson collection are available from the National Library of Australia&apos;s Manuscript, Pictures and Prompt collections.</subfield></datafield><datafield ind1='2' ind2='0' tag='610'><subfield code='a'>J.C. Williamson (Firm)</subfield><subfield code='v'>Archives.</subfield></datafield><datafield ind1=' ' ind2='0' tag='650'><subfield code='a'>Operas</subfield><subfield code='v'>Vocal scores with piano.</subfield></datafield><datafield ind1=' ' ind2='0' tag='650'><subfield code='a'>Operas</subfield><subfield code='v'>Scores and parts.</subfield></datafield><datafield ind1='1' ind2=' ' tag='700'><subfield code='a'>Carré, Michel,</subfield><subfield code='d'>1819-1872.</subfield></datafield><datafield ind1='1' ind2=' ' tag='700'><subfield code='a'>Barbier, Jules,</subfield><subfield code='d'>1825-1901.</subfield></datafield><datafield ind1='1' ind2=' ' tag='700'><subfield code='a'>Shakespeare, William,</subfield><subfield code='d'>1564-1616.</subfield><subfield code='t'>Romeo and Juliet.</subfield></datafield><datafield ind1='2' ind2=' ' tag='710'><subfield code='a'>J.C. Williamson (Firm)</subfield></datafield><datafield ind1=' ' ind2='0' tag='830'><subfield code='a'>J.C. Williamson collection of performance materials.</subfield></datafield></record>